<collection xmlns="http://www.loc.gov/MARC21/slim"><record><leader>00991nam0 2200265   450</leader><controlfield tag="001">594</controlfield><controlfield tag="003">http://montalegre.opacnet.com/OPAC/default.aspx?ContentAreaControl=ShowRegHoldings.ascx&amp;RegNo=16662</controlfield><controlfield tag="005">20</controlfield><datafield tag="100" ind1=" " ind2=" "><subfield code="a">22061013d1990----k  y0pory0103    ba</subfield></datafield><datafield tag="101" ind1="0" ind2=" "><subfield code="a">por</subfield></datafield><datafield tag="102" ind1=" " ind2=" "><subfield code="a">PT</subfield></datafield><datafield tag="200" ind1="1" ind2=" "><subfield code="a">Camilo e Barroso (no centenário da morte de Camilo Castelo Branco)</subfield><subfield code="f">José Dias Baptista</subfield></datafield><datafield tag="210" ind1=" " ind2=" "><subfield code="a">Vila Real</subfield><subfield code="g">Minerva Transmontana</subfield><subfield code="d">1990</subfield></datafield><datafield tag="215" ind1=" " ind2=" "><subfield code="a">28p.</subfield><subfield code="d">21 cm</subfield></datafield><datafield tag="225" ind1="0" ind2=" "><subfield code="a">Cadernos culturais</subfield><subfield code="v">10</subfield></datafield><datafield tag="600" ind1=" " ind2="1"><subfield code="a">Castelo Branco</subfield><subfield code="b">Camilo</subfield><subfield code="f">1825-1890</subfield><subfield code="2">Autoridade</subfield><subfield code="3">PT-----------2013031117150005678</subfield></datafield><datafield tag="607" ind1=" " ind2=" "><subfield code="a">Barroso</subfield></datafield><datafield tag="608" ind1=" " ind2=" "><subfield code="a">Biografias</subfield><subfield code="2">Autoridade</subfield><subfield code="3">PT9999-00-10-2009040123590005428</subfield></datafield><datafield tag="675" ind1=" " ind2=" "><subfield code="a">008(469.202)</subfield></datafield><datafield tag="675" ind1=" " ind2=" "><subfield code="a">929</subfield></datafield><datafield tag="700" ind1=" " ind2="1"><subfield code="a">Baptista</subfield><subfield code="b">José Dias</subfield><subfield code="f">1941-</subfield></datafield><datafield tag="801" ind1=" " ind2="0"><subfield code="a">PT</subfield><subfield code="b">Biblioteca Municipal de Montalegre</subfield><subfield code="g">RPC</subfield></datafield><datafield tag="856" ind1=" " ind2=" "><subfield code="u">locateMedia.asp?cod=20060519105435&amp;ext=jpg</subfield><subfield code="z">CAPA</subfield></datafield><datafield tag="909" ind1="&#9;" ind2=" "><subfield code="a">3</subfield></datafield><datafield tag="966" ind1=" " ind2=" "><subfield code="a">0016107</subfield><subfield code="l">BMM</subfield><subfield code="s">SCG 008(469.202) BAP cam</subfield></datafield><datafield tag="966" ind1=" " ind2=" "><subfield code="a">0017193</subfield><subfield code="l">BMM-PS</subfield><subfield code="s">PS 008(469.202) BAP cam</subfield></datafield><datafield tag="966" ind1=" " ind2=" "><subfield code="a">0019121</subfield><subfield code="l">BMM</subfield><subfield code="s">SCG 929 CASTELO_BRANCO BAP</subfield></datafield></record></collection>